[gd_scene load_steps=7 format=2]

[ext_resource path="res://Player.tscn" type="PackedScene" id=1]
[ext_resource path="res://Main.gdns" type="Script" id=2]
[ext_resource path="res://HUD.tscn" type="PackedScene" id=3]
[ext_resource path="res://MapMonde.tscn" type="PackedScene" id=4]
[ext_resource path="res://Boss.tscn" type="PackedScene" id=5]
[ext_resource path="res://MobSpawner.tscn" type="PackedScene" id=7]

[node name="Main" type="Node"]
script = ExtResource( 2 )
__meta__ = {
"_edit_vertical_guides_": [  ]
}

[node name="Map" parent="." instance=ExtResource( 4 )]

[node name="HUD" parent="." instance=ExtResource( 3 )]
offset = Vector2( 960, 540 )
transform = Transform2D( 1, 0, 0, 1, 960, 540 )

[node name="Player" parent="." instance=ExtResource( 1 )]
position = Vector2( 225.135, 600.62 )

[node name="Boss" parent="." instance=ExtResource( 5 )]
position = Vector2( 11544, -280 )
z_index = -1

[node name="MobSpawner" parent="." instance=ExtResource( 7 )]
position = Vector2( 1900.2, 946.63 )

[node name="MobSpawner2" parent="." instance=ExtResource( 7 )]
position = Vector2( 11280.2, -98.367 )

[node name="MobSpawner4" parent="." instance=ExtResource( 7 )]
position = Vector2( 11179.3, -76.5037 )

[node name="MobSpawner3" parent="." instance=ExtResource( 7 )]
position = Vector2( 11365.9, -84.9126 )
[connection signal="start_game" from="HUD" to="." method="_on_HUD_start_game"]
[connection signal="dead" from="Player" to="HUD" method="_on_Player_dead"]
[connection signal="bossdead" from="Boss" to="HUD" method="_on_Boss_bossdead"]
